@article{Vidal_2016,
        author      = {L. C. Vidal},
        title       = {A virtual laboratory for multiagent systems: Joining efficacy, learning analytics and student satisfaction},
        year        = {2016},
        langid          = {english}
}

@article{Sedrakyan_2015,
        author      = {G. Sedrakyan and J.D. Weerdt and M. Snoeck},
        title       = {Process-mining enabled feedback: “Tell me what I did wrong” vs. “tell me how to do it right”},
        year        = {2015},
        urldate     = {2015-12-31},
        journal     = {Computers in Human Behavior},
    volume      = {57},
    pages       = {352-376}
}

@article{Bogarin_2017,
        author      = {A. {Bogarín} and R. Cerezo and C. Romero},
        title       = {A survey on educational process mining},
        year        = {2018},
        urldate     = {2022-05-14},
        journal     = {WIREs Data Mining Knowl Discov},
    volume      = {8},
        pages       = {12-30},
        doi         = {10.1002/widm.1230}
}

@article{Mayorga_2015,
        author      = {H. S. A. Mayorga and N. R. {García}},
        title       = {Process mining: development, applications and critical factors},
        year        = {2015},
        journal     = {Cuardenos de {Administración}},
    volume      = {28},
    number              = 50,
        pages       = {137-157},
        doi         = {http:// dx.doi.org/10.11144/Javeriana.cao28-50.mpda}
}